
@misc{slides,
 author = {David M. Blei},
 title = {Probabilistic Topic Models},
 note = {https://www.cs.princeton.edu/~blei/kdd-tutorial.pdf},
 year = 2011
}

@phdthesis{miami,
 author = {Yajie Hu},
 title = {A Music Recommendation System Based on User
Behaviors and Genre Classification},
 school{University of Miami},
 year = 2012
}

@article{collaborative,
author = {M. Elahi, F. Ricci, N. Rubens},
title = {A survey of active learning in collaborative filtering recommender systems},
journal = {Computer Science Review},
volume = 20, 
number = 1, 
pages = {29--50}, 
year = 2016
}

@misc{grace,
author = {Gracenote Inc.},
title = {Entertainment Metadata},
note = {https://developer.gracenote.com/metadata}
year = 2016
}

@article{Alpher04,
author = {A. Alpher and J.~P.~N. Fotheringham-Smythe and G. Gamow},
title = {Can a machine frobnicate?},
journal = {Journal of Foo},
volume = 14, 
number = 1, 
pages = {234--778}, 
year = 2004
}
